@Comment Оставляю библиографию, чтоб было видно как оформлять. В википедии есть инфа по всем типам.

@Book{demin,
	author =		 {Демин А.Ю.},
	title = 		 {Основы компьютерной графики: учебное пособие},
	publisher = 	 {Томск: Изд-во Томского политехнического университета},
	pagetotal = {191},
	year = 		 {2011},
	language =     "russian"
}

@Book{kurov,
	author =		 {Авдеева С.М., Куров А.В.},
	title = 		 {Алгоритмы трехмерной машинной графики: учебное пособие},
	publisher = 	 {Москва: Издательство МГТУ им. Н.Э. Баумана},
	pagetotal = {60},
	year = 		 {1996},
	language =     "russian"
}

@Book{maxima,
	author =		 {Трошин П.И.},
	title = 		 {Моделирование фракталов в среде Maxima},
	publisher = 	 {Казань: Изд-во Казанского федерального университета},
	pagetotal = {48},
	year = 		 {2012},
	language =     "russian"
}

@online{qtcreator,
	title = {Qt Creator [Электронный ресурс]},
	url = {https://www.qt.io/product/development-tools},
	urldate = {26.11.2022},
	language = "russian"
}

@online{matplotlib,
title = {Документация библиотеки matplotlib [Электронный ресурс]},
url = {https://matplotlib.org},
urldate = {25.09.2022},
language = "russian"
}

@article{budagov,
	author =		 {Будагов П.М.},
	title = 		 {Проверка эффективности в сортировках},
	journal = {Современные технологии: актуальные вопросы, достижения и инновации. сборник статей XVII Международной научно-практической конференции. },
	pages = {101-103},
	year = 		 {2018},
	language =     "russian"
}

@article{pogorelov,
	author =		 {Прохоренко В.В., Погорелов Д.А., Кострицкий А.С.},
	title = 		 {Сравнительный анализ времени выполнения сортировки по алгоритму Шелла, гномьей сортировки и сортировки перемешиванием},
	journal = {Инновационные аспекты развития науки и техники. сборник статей XI Международной научно-практической конференции},
	pages = {120-125},
	year = 		 {2021},
	language =     "russian"
}

@article{saygak,
	author =		 {Сахибназарова В.Б., Сайгак К.О.},
	title = 		 {Разработка и анализ алгоритма сортировки на основе использования бинарных деревьев},
	journal = {Студенческая наука XXI века.},
	year = 		 {2016},
	month = {4},
	language =     "russian"
}

@article{numpy,
title = {Документация библиотеки numpy [Электронный ресурс]},
url = {https://numpy.org/doc/stable/},
urldate = {20.09.2022},
language = "russian"
}

@incollection{random,
title = {Документация библиотеки random [Электронный ресурс]},
url = {https://docs.python.org/3/library/random.html},
urldate = {20.09.2022},
language = "russian"
}

@online{monterey,
	title = {macOS Catalina [Электронный ресурс]},
	url = {https://www.apple.com/macos/catalina/},
	urldate = {30.09.2022},
	language = "russian"
}

@online{cplusplus,
	title = {Документация языка C++ [Электронный ресурс]},
	url = {https://www.open-std.org/jtc1/sc22/wg21/docs/papers/2013/n3690.pdf},
	urldate = {13.11.2022},
	language = "russian"
}

@online{intel,
	title = {Процессор Intel Core i5 7 поколения [Электронный ресурс]},
	url = {https://ark.intel.com/content/www/ru/ru/ark/products/97539/intel-core-i57260u-processor-4m-cache-up-to-3-40-ghz.html},
	urldate = {13.11.2022},
	language = "russian"
}

@manual{c_lang,
	title = {C language standard ISO/IEC 9899:1999 C99 [Электронный ресурс]},
	url = {https://www.open-std.org/jtc1/sc22/wg14/www/docs/n1256.pdf},
	urldate = {01.10.2022},
	language = "russian"
}
